<?xml version="1.0" encoding="UTF-8"?><collection xmlns="http://www.loc.gov/MARC21/slim"><record><leader>00432nam--2200169-i-4500</leader><controlfield tag="001">000050227</controlfield><controlfield tag="002">20161230</controlfield><controlfield tag="005">20170204204815</controlfield><controlfield tag="008">060222s1000------------r-----000-0-eng-d</controlfield><datafield ind1=" " ind2=" " tag="080"><subfield code="a">543.42</subfield></datafield><datafield ind1=" " ind2=" " tag="100"><subfield code="a">Barinskii, P. L</subfield></datafield><datafield ind1=" " ind2=" " tag="245"><subfield code="a">Rentgeno-spektralnoe opredelenie zariada atomov v molekulah</subfield></datafield><datafield ind1=" " ind2=" " tag="260"><subfield code="a">Moskva</subfield><subfield code="b">Izd. Nauka</subfield><subfield code="c">1966</subfield></datafield><datafield ind1=" " ind2=" " tag="300"><subfield code="a">246s</subfield></datafield><datafield ind1=" " ind2=" " tag="700"><subfield code="a">Nefedov, V. I</subfield></datafield><datafield ind1=" " ind2=" " tag="852"><subfield code="a">24744</subfield></datafield><datafield ind1=" " ind2=" " tag="CAT"><subfield code="a">SYS</subfield><subfield code="c">20170204</subfield><subfield code="h">204815</subfield></datafield></record></collection>